@article{moments,
	author = {G Ganesan},
	year = {2015},
	pages = {307-314},
	title = {Noise Detection in Images using Moments},
	journal = {Research Journal of Applied Sciences, Engineering and Technology}
}

@article{impact,
	author = {И.А. Голдобин},
	year = {2021},
	pages = {396-402},
	title = {Влияние шумов на алгоритмы цифровой обработки изображений},
	journal = {Актуальные вопросы развития современной цифровой среды},
}

@article{color_image,
	author = {Jianwei Wang},
	year = {2014},
	title = {A Noise Removal Algorithm of Color Image},
	journal = {TELKOMNIKA Indonesian Journal of Electrical Engineering}
}

@article{filterTechincs,
	author = {Abdalla Mohamed Hambal},
	year = {2017},
	pages = {2033-2037},
	title = {Image Noise Reduction and Filtering Techniques},
	journal = {International Journal of Science and Research (IJSR)},
}

@article{filterMethod,
	author = {Сергеев В.В., Гашников М.В., Мясников В.В.},
	year = {2010},
	month = {01},
	pages = {20-28},
	title = {ФИЛЬТРАЦИЯ ШУМОВ НА ИЗОБРАЖЕНИЯХ}
}

@article{deep_learning,
	author = {Pawar Ainapure},
	year = {2022},
	title = {Deep Learning Approach for the Detection of Noise Type in Ancient Images},
	journal = {Sustainability}
}

@article{denoising,
	author = {S Rani},
	year = {2022},
	pages = {8738-8744},
	title = {An Improved Denoising Algorithm for Removing Noise in Color Images},
	journal = {Engineering, Technology & Applied Science Research}
}

@article{causes,
	author = {П.В. Зотов},
	year = {2015},
	title = {Цифровой шум изображения и его прикладное значение в криминалистике},
	journal = {Вестник СГЮА}
}

@article{comparison,
	author = {S Ootani},
	year = {2016},
	pages = {1112-1121},
	title = {Effectiveness Comparison of Visual and Semantic Features for Noise Image Removal},
	journal = {Procedia Computer Science}
}

@article{shum,
	author = {Hien Nguyen Thanh},
	year = {2022},
	pages = {71584-71597},
	journal = {IEEE Access},
	title = {Image Noise Removal Method Based on Thresholding and Regularization Techniques}
}

@article{inproceedings,
	author = {Ćeranić Š.},
	year = {2022},
	pages = {},
	journal = {IEEE Access},
	title = {Noise reduction quality test for two-photon laser scanning microscopic images}
}


@article{speckle,
	author = {W Wenjie},
	year = {2021},
	title = {Speckle noise removal based on structural convolutional neural networks with feature fusion for medical image},
	journal = {Signal Processing: Image Communication},
}

@article{speckle2,
	author = {Nao Siwei Yan},
	year = {2022},
	pages = {1-11},
	title = {Speckle Noise Removal Model Based on Diffusion Equation and Convolutional Neural Network},
	journal = {Computational Intelligence and Neuroscience}
}

@article{software,
	author = {H Khushi},
	year = {2022},
	pages = {32-48},
	title = {Impulse Noise Removal Using Soft-computing},
	journal = {Lahore Garrison University Research Journal of Computer Science and Information Technology}
}

@article{nn1s,
	author = {M Nguyen},
	year = {2021},
	title = {BoostNet: A Boosted Convolutional Neural Network for Image Blind Denoising},
	journal = {IEEE Access}
}

@article{speckle2,
	author = {Mu Jinming},
	year = {2019},
	title = {An enhanced high-order variational model based on speckle noise removal with G0 Distribution},
	journal = {IEEE Access}
}

@article{kodak,
	author = {T Rabie},
	year = {2005},
	title = {Adaptive Median Filtering of CCD Sensor Noise}
	journal = {IEEE Access}
}

@article{mix,
	author = {H Xiangming},
	year = {2022},
	title = {An improved nonlocal means based correction strategy for mixed noise removal},
	journal = {IET Image Processing}
}

@article{color,
	author = {A Bandyopadhyay},
	year = {2021},
	pages = {608-614},
	title = {High Density Impulse Noise Removal from Color Images by K-means Clustering based Detection and Least Manhattan Distance-oriented Removal Approach},
	journal = {International Journal of Advanced Computer Science and Applications},
}

@article{median,
	author = {S Khan},
	year = {2017},
	title = {An adaptive dynamically weighted median filter for impulse noise removal},
	journal = {EURASIP Journal on Advances in Signal Processing},
}

@article{median2,
	author = {Kunsoth R.},
	year = {2016},
	pages = {1316-1319},
	title = {Modified decision based median filter for impulse noise removal}
	journal = {IEEE Access}
}

@article{bilateral,
	author = {M Nabahat},
	year = {2022},
	title = {Optimization of bilateral filter parameters using a whale optimization algorithm},
	journal = {Research in Mathematics}
}

@article{dcnn,
	author = {V Murali},
	year = {2020},
	pages = {847-859},
	title = {Image Denoising Using DnCNN: An Exploration Study},
	journal = {IEEE Access}
}

@article{neural,
	author = {M Fujimoto},
	year = {2002},
	pages = {1301-1308},
	title = {Noise Removal for Degraded Images Using Neural Networks},
	journal = {IEEJ Transactions on Electronics, Information and Systems}
}

@article{dcnn2,
	author = {K Zhang},
	title = {Beyond a Gaussian Denoiser: Residual Learning of Deep CNN for Image Denoising},
	journal = {IEEE Transactions on Image Processing}
}

@article{ridnet2,
	author = {N Loubere},
	year = {2012},
	title = {RiDNet Practical Fieldwork Notes}
	journal = {IEEE Access}
}

@article{ridnet,
	author = {X Li},
	year = {2019},
	pages = {3896-3903},
	title = {RIDNet: Recursive Information Distillation Network for Color Image Denoising},
}

@article{rs,
	author = {M Nouman},
	year = {2022},
	pages = {93-122},
	title = {Evaluation of Image Super Resolution Deep Learning Technique based on PSNR Value},
}

@article{vs,
	author = {D Setiadi},
	year = {2021},
	title = {PSNR vs SSIM: imperceptibility quality assessment for image steganography},
	journal = {Multimedia Tools and Applications},
}

@article{ssim,
	author = {V Subramanian},
	year = {2021},
	title = {SSIM Compliant Modeling Framework With Denoising and Deblurring Applications},
	journal = {IEEE Transactions on Image Processing}
}

@article{CNN_research,
	author = {Lin Xiyu},
	year = {2023},
	month = {04},
	pages = {855-862},
	title = {Research of Convolutional Neural Network on Image Classification},
	volume = {39},
	journal = {Highlights in Science, Engineering and Technology},
	doi = {10.54097/hset.v39i.6656}
}

@article{CNN_translate,
	author = {M Rafidison},
	year = {2023},
	month = {03},
	pages = {1-17},
	title = {Image Classification Based on Light Convolutional Neural Network Using Pulse Couple Neural Network},
	volume = {2023},
	journal = {Computational Intelligence and Neuroscience},
	doi = {10.1155/2023/7371907}
}

@article{CNN_arch,
	author = {Zhang Ziming},
	year = {2023},
	month = {04},
	pages = {1-16},
	title = {Sle-CNN: a novel convolutional neural network for sleep stage classification},
	journal = {Neural Computing and Applications},
	doi = {10.1007/s00521-023-08598-7}
}

@article{CNN_pool,
	author = {L Ruishen},
	year = {2022},
	month = {11},
	pages = {32-39},
	title = {Face Recognition Based on Convolutional Neural Networks},
	volume = {16},
	journal = {Highlights in Science, Engineering and Technology},
	doi = {10.54097/hset.v16i.2225}
}

@unknown{CNN_2,
	author = {E Karrach},
	year = {2023},
	month = {03},
	pages = {},
	title = {Using a Convolutional Neural Network for Machine Written Character Recognition},
	doi = {10.21203/rs.3.rs-2712626/v1}
}

@article{relu,
	author = {C Aylwin},
	year = {2023},
	month = {03},
	pages = {},
	title = {ReLU Neural Network Galerkin BEM},
	volume = {95},
	journal = {Journal of Scientific Computing},
	doi = {10.1007/s10915-023-02120-w}
}

@article{pruf,
	author = {Xu Dongxiao},
	year = {2022},
	month = {10},
	pages = {},
	title = {Semantic Interpretation for Convolutional Neural Networks: What Makes a Cat a Cat?},
	volume = {9},
	journal = {Advanced Science},
	doi = {10.1002/advs.202204723}
}